<?xml version="1.0" encoding="UTF-8"?><collection><record><leader>06693ntm a2200601 a 4500</leader><controlfield tag="001">006813655</controlfield><controlfield tag="003">MiAaHDL</controlfield><controlfield tag="005">20190719000000.0</controlfield><controlfield tag="006">m        d        </controlfield><controlfield tag="007">cr bn ---auaua</controlfield><controlfield tag="008">090606s15uu    xx            00| ||ara d</controlfield><datafield tag="035" ind1=" " ind2=" "><subfield code="a">(MiU)006813655</subfield></datafield><datafield tag="035" ind1=" " ind2=" "><subfield code="a">sdr-miu006813655</subfield></datafield><datafield tag="040" ind1=" " ind2=" "><subfield code="a">MiU</subfield><subfield code="c">MiU</subfield><subfield code="e">amremm</subfield></datafield><datafield tag="043" ind1=" " ind2=" "><subfield code="a">n-us-mi</subfield></datafield><datafield tag="100" ind1="1" ind2=" "><subfield code="6">880-01</subfield><subfield code="a">Jurjānī, ʻAlī ibn Muḥammad,</subfield><subfield code="c">al-Sayyid al-Sharīf,</subfield><subfield code="d">1340-1413.</subfield></datafield><datafield tag="240" ind1="1" ind2="0"><subfield code="6">880-02</subfield><subfield code="a">Sharḥ Miftāḥ al-ʻulūm</subfield></datafield><datafield tag="245" ind1="1" ind2="0"><subfield code="6">880-03</subfield><subfield code="a">Sharḥ al-Miftāḥ fī al-ma‘ānī wa-al-bayān,</subfield><subfield code="f">[16th century?].</subfield></datafield><datafield tag="246" ind1="3" ind2=" "><subfield code="a">مصباح في شرح المفتاح</subfield></datafield><datafield tag="246" ind1="3" ind2=" "><subfield code="i">Edge title (tail):</subfield><subfield code="a">شرح المفتاح</subfield></datafield><datafield tag="260" ind1=" " ind2=" "><subfield code="c">[15--?].</subfield></datafield><datafield tag="300" ind1=" " ind2=" "><subfield code="a">236 leaves :</subfield><subfield code="b">paper ;</subfield><subfield code="c">283 x 185 (200 x 106) mm.</subfield></datafield><datafield tag="500" ind1=" " ind2=" "><subfield code="a">Shelfmark: Ann Arbor, University of Michigan, Special Collections Library, Isl. Ms. 629</subfield></datafield><datafield tag="500" ind1=" " ind2=" "><subfield code="a">Origin: Lacks dated scribal colophon ; paper, etc. would suggest 16th century.</subfield></datafield><datafield tag="500" ind1=" " ind2=" "><subfield code="a">Accompanying materials: a. Acquisitions slip from Yahuda. -- b. Inventory cataloguing slip in hand of Winifred Smeaton Thomas.</subfield></datafield><datafield tag="500" ind1=" " ind2=" "><subfield code="a">Former shelfmark: From inner front cover and spine label, "IL 217" (likely supplied by Yahuda, see acquisitions slip).</subfield></datafield><datafield tag="500" ind1=" " ind2=" "><subfield code="a">Binding: Pasteboards covered in brown leather ; Type II binding (with flap) ; doublures in dark tan leather ; epigraphic stamps on interior of envelope flap ; sewn in heavy cream thread, two stations ; enbands mainly gone though traces of tailband remain ; overall in fair condition with some staining, abrasion, lifting and losses of leather (particularly at spine), fore edge flap quite ill-fitting (small), negative draw in upper cover, etc.</subfield></datafield><datafield tag="500" ind1=" " ind2=" "><subfield code="a">Support: non-European laid paper of several types ; one type with 7 laid lines per cm. (horizontal) and occasional chain lines (vertical) faintly visible spaced about 17 mm. apart, dense, thick and sturday, medium cream to beige in color, well-burnished ; another type with 8 laid lines per cm. (horizontal) and chain lines (vertical) grouped in threes with 6-8 mm. between chains and 53 mm. between groups (see p.180, etc.) ; still another type with 8 laid lines per cm. (horizontal) and no chain lines visible, thin though sturdy, burnished ; leather burn (of flap design) in verso of final leaf (p.474).</subfield></datafield><datafield tag="500" ind1=" " ind2=" "><subfield code="a">Decoration: Keywords and abbreviation symbols rubricated ; textual dividers in the form of inverted commas in red.</subfield></datafield><datafield tag="500" ind1=" " ind2=" "><subfield code="a">Script: Nastaʻlīq (talik) and naskh ; two main hands ; opening hand (through close of opening section on p.303) nastaʻlīq (talik), quite elegant, virtually serifless, compact but quite elongated in the horizontal, with pointing in distinct dots ; second section (from p.304 on) in naskh, fine Persianate or Turkish hand, quite rounded with some sweeping descenders, some exaggerated thickness of horizontal strokes, occasional effect of tilt to the right, pointing in strokes rather than distinct dots, point of final nūn set at opening of bowl, freely ligatured.</subfield></datafield><datafield tag="500" ind1=" " ind2=" "><subfield code="a">Layout: Written in 27 lines per page ; frame-ruled.</subfield></datafield><datafield tag="500" ind1=" " ind2=" "><subfield code="a">Collation: i, 18 IV(144), III (150), 9 IV(222), III (228), IV (236) ; chiefly quaternions ; quire numbering in the form of Hindu-Arabic numerals in the upper outer corner of the opening recto of each quire ; catchwords present ; pagination in pencil, Western numerals, supplied during digitization (includes flyleaves and mistakenly skips two pages between p.315 and p.316 and skips ahead from p.145 to p.150).</subfield></datafield><datafield tag="500" ind1=" " ind2=" "><subfield code="a">Colophon: "Authorial," rectangular, reads "ونجز الفراغ من تأليفه اواسط شوال من سنة ثلث وثمانمائة وحسبنا الله ونعم الوكيل نعم المولى ونعم النصير"</subfield></datafield><datafield tag="500" ind1=" " ind2=" "><subfield code="a">Explicit: "لانه جزء من علم البلاغة كما صرح به فيما مر وحققه ههنا وهذا آخر ما يسرنا الله تع بمنه ولطفه من كشف فوائد هذا العلم ونظم فرائده ونسأل الله تع ان ينفع به المسترشدين وان يجعله ذخرا لنا يوم الدين"</subfield></datafield><datafield tag="500" ind1=" " ind2=" "><subfield code="a">Incipit: "نحمدك اللهم على ما هديتنا اليه من دقائق المعاني في بدائع البيان واطلعتنا عليه من حقائق المثاني في بذرائع البرهان ... وبعد فقد طالما جال في صدري ودار في خلدي ان ارتب للقسم الثالث من مفتاح العلوم شرحا يدلل [؟] على صابه ..."</subfield></datafield><datafield tag="500" ind1=" " ind2=" "><subfield code="a">Title from inscription on front flyleaf (p.1).</subfield></datafield><datafield tag="500" ind1=" " ind2=" "><subfield code="a">Ms. codex.</subfield></datafield><datafield tag="510" ind1="4" ind2=" "><subfield code="a">Ḥājjī Khalīfah. Kashf al-ẓunūn,</subfield><subfield code="c">vi 17</subfield></datafield><datafield tag="510" ind1="4" ind2=" "><subfield code="a">Brockelmann, C. GAL,</subfield><subfield code="c">I, 294</subfield></datafield><datafield tag="520" ind1="8" ind2=" "><subfield code="a">Fine copy of al-Sayyid al-Sharīf ʻAlī ibn Muḥammad al-Jurjānī's (d.1413) commentary on the third part of Miftāḥ al-‘ulūm by al-Sakkākī (d.1228 or 29, on rhetoric (ʻilm al-maʻānī wa-al-bayān). The commentary is better known as al-Miṣbāḥ fī sharḥ al-Miftāḥ.</subfield></datafield><datafield tag="538" ind1=" " ind2=" "><subfield code="a">Mode of access: Internet.</subfield></datafield><datafield tag="541" ind1=" " ind2=" "><subfield code="a">Acquired in 1926 from the bookseller Isaac Benjamin S.E. Yahuda via purchase transacted on his behalf by Abraham Shalom Yahuda (1877-1951), his younger brother.</subfield></datafield><datafield tag="546" ind1=" " ind2=" "><subfield code="a">Arabic.</subfield></datafield><datafield tag="561" ind1=" " ind2=" "><subfield code="a">Possible former shelfmarks or inventory marks on front flyleaf (p.1) ; note on 'title page' (p.3) attributes work to al-Taftāzānī ; on 'title page' (p.3) ownership statement dated 7 Ṣafar [?] 1255 [ca. 22 April? 1839] ; in name of Ahmet Bahri [?] Konavi reads "تملكه افقر عباد الله الغني السيد احمد بحرى [؟] قنوى عفى عنه في ٧ صفر [؟] سنه ٢٥٥" accompanied by circular seal impression "السيد احمد بحرى" ; rectangular seal impression dated 1226 [1811 or 12] in upper outer margin of incipit page (p.4) ; extensive marginal glosses ; occasional corrections.</subfield></datafield><datafield tag="600" ind1="1" ind2="0"><subfield code="a">Sakkākī, Yūsuf ibn Abī Bakr,</subfield><subfield code="d">1160-1229.</subfield><subfield code="t">Miftāḥ al-ʻulūm.</subfield><subfield code="n">Qism 3.</subfield></datafield><datafield tag="650" ind1=" " ind2="0"><subfield code="a">Manuscripts, Arabic</subfield><subfield code="z">Michigan</subfield><subfield code="z">Ann Arbor.</subfield></datafield><datafield tag="650" ind1=" " ind2="0"><subfield code="a">Arabic language</subfield><subfield code="x">Rhetoric</subfield><subfield code="v">Early works to 1800.</subfield></datafield><datafield tag="700" ind1="0" ind2=" "><subfield code="6">880-05</subfield><subfield code="a">Ahmet Bahri Konavi,</subfield><subfield code="d">fl. 1839,</subfield><subfield code="e">former owner.</subfield></datafield><datafield tag="773" ind1="0" ind2=" "><subfield code="a">Yahuda Collection.</subfield></datafield><datafield tag="880" ind1="0" ind2=" "><subfield code="6">700-05/</subfield><subfield code="a">احمد بحرى قنوى،</subfield><subfield code="e">مالك سابق.</subfield></datafield><datafield tag="880" ind1="1" ind2="0"><subfield code="6">245-03/</subfield><subfield code="a">شرح المفتاح في المعاني والبيان,</subfield><subfield code="f">[القرن 16م؟].</subfield></datafield><datafield tag="880" ind1="1" ind2="0"><subfield code="6">240-02/</subfield><subfield code="a">شرح مفتاح العلوم</subfield></datafield><datafield tag="880" ind1="1" ind2=" "><subfield code="6">100-01/</subfield><subfield code="a">جرجاني، علي بن محمد،</subfield><subfield code="c">السيد الشريف.</subfield></datafield><datafield tag="CID" ind1=" " ind2=" "><subfield code="a">006813655</subfield></datafield><datafield tag="DAT" ind1="0" ind2=" "><subfield code="a">20190719102638.0</subfield><subfield code="b">20190719000000.0</subfield></datafield><datafield tag="DAT" ind1="1" ind2=" "><subfield code="a">20190719090653.0</subfield><subfield code="b">2019-07-19T16:12:00Z</subfield></datafield><datafield tag="DAT" ind1="2" ind2=" "><subfield code="a">2015-10-02T18:00:03Z</subfield></datafield><datafield tag="CAT" ind1=" " ind2=" "><subfield code="a">SDR-MIU</subfield><subfield code="d">EX LIBRIS - ALEPH</subfield><subfield code="l">prepare.pl-004-008</subfield></datafield><datafield tag="FMT" ind1=" " ind2=" "><subfield code="a">BK</subfield></datafield><datafield tag="HOL" ind1=" " ind2=" "><subfield code="0">sdr-miu006813655</subfield><subfield code="a">MiU</subfield><subfield code="b">SDR</subfield><subfield code="c">MIU</subfield><subfield code="p">mdp.39015079128438</subfield><subfield code="s">MIU</subfield><subfield code="1">006813655</subfield></datafield><datafield tag="974" ind1=" " ind2=" "><subfield code="b">MIU</subfield><subfield code="c">MIU</subfield><subfield code="d">20190719</subfield><subfield code="s">lit-dlps-dc</subfield><subfield code="u">mdp.39015079128438</subfield><subfield code="y">1599</subfield><subfield code="r">pd</subfield><subfield code="q">bib</subfield><subfield code="t">non-US bib date1 &lt; 1879</subfield></datafield></record></collection>